@article{journals/cse/ThakarSFG08,
	author = {Aniruddha R. Thakar and
	Alexander S. Szalay and
	George Fekete and
	Jim Gray},
	title = {The Catalog Archive Server Database Management System},
	journaltitle = {Comput. Sci. Eng.},
	date = {2008},
	doi = {10.1109/MCSE.2008.15},
	url = {https://doi.org/10.1109/MCSE.2008.15},
}
