% This file was created with JabRef 2.6.
% Encoding: UTF8

% This file was created with JabRef 2.6.
% Encoding: UTF8

@article{R.R.NairFSC,
  doi = {10.1126/science.1156965},
  url = {https://www.science.org/doi/10.1126/science.1156965},
  year = {2008},
  month = jun,
  publisher = {American Association for the Advancement of Science {AAAS}},
  volume = {320},
  number = {5881},
  pages = {1308},
  author = {Nair, R. R. and Blake, P. and Grigorenko, A. N. and Novoselov, K. S. and Booth, T. J. and Stauber, T. and Peres, N. M. and Geim, A. K.},
  title = {Fine Structure Constant Defines Visual Transparency of Graphene},
  journal = {Science}
}

@article{NulliAPL18,
	author = {Nulli,Sylvain A.  and Ukhtary,M. Shoufie  and Saito,Riichiro},
	title = {Significant enhancement of light absorption in undoped graphene using dielectric multilayer system},
	journal = {Appl. Phys. Lett.},
	volume = {112},
	number = {7},
	pages = {073101},
	year = {2018},
	doi = {10.1063/1.5012604},
	URL = {  https://doi.org/10.1063/1.5012604},
}

@article{ZhanTMM,
  doi = {10.1088/0953-8984/25/21/215301},
  url = {https://iopscience.iop.org/article/10.1088/0953-8984/25/21/215301/pdf},
  year = {2013},
  month = april,
  publisher = {IOP Publishing Ltd},
  volume = {25},
  number = {21},
  author = {Zhan, Tianrong and Shi, Xi and Dai, Yunyun and Liu, Xiaohan and Zi, Jian},
  title = {Transfer matrix method for optics in graphene layers},
  journal = {Journal of Physics: Condensed Matter}
}
