@article{DBLP:journals/cse/ThakarSFG08,
  author       = {Aniruddha R. Thakar and
                  Alexander S. Szalay and
                  George Fekete and
                  Jim Gray},
  title        = {The Catalog Archive Server Database Management System},
  journal      = {Comput. Sci. Eng.},
  volume       = {10},
  number       = {1},
  pages        = {30--37},
  year         = {2008},
  url          = {https://doi.org/10.1109/MCSE.2008.15},
  doi          = {10.1109/MCSE.2008.15},
  timestamp    = {Tue, 16 Aug 2022 23:06:23 +0200},
  biburl       = {https://dblp.org/rec/journals/cse/ThakarSFG08.bib},
  bibsource    = {dblp computer science bibliography, https://dblp.org}
}
