% This file was created with JabRef 2.6.
% Encoding: UTF8

% This file was created with JabRef 2.6.
% Encoding: UTF8

@article{H.Zhang,
  doi = {10.1016/j.optcom.2017.05.015},
  url = {https://www.sciencedirect.com/science/article/abs/pii/S0030401817303887},
  year = {2018},
  month = january,
  publisher = {Elsevier},
  volume = {406},
  pages = {3-17},
  author = {Zhang, H.  and Huang, J. and  Wang, H. and Liu, R. and Huai,X. and Jiang, J. and Anfuso, C.},
  title = {Atomic force microscopy for two-dimensional materials: A tutorial review},
  journal = {Optics Communications}
}

@article{Zhang2015,
  doi = {10.1038/nphoton.2015.105},
  url = {https://www.nature.com/articles/nphoton.2015.105},
  year = {2015},
  month = june,
  publisher = {springer nature},
  volume = {9},
  pages = {471-476},
  author = {Zhang, T.  and Chang,H. and Wu, Y. and Xiao, P. and Yi,N. and Lu, Y. and Ma, Y. and Huang, Y. and Zhao, K. and Yan, X. and Liu, Z. and Tian, J. and Chen, Y.},
  title = {Macroscopic and direct light propulsion of bulk graphene material},
  journal = {Nature Photonics}
}

@article{Miller,
  doi = {10.1063/1.5111755},
  url = {https://pubs.aip.org/aip/apl/article/115/19/193102/37764/Spatially-resolved-optical-excitation-of},
  year = {2019},
  month = november,
  publisher = {AIP Publishing},
  volume = {115},
  author = {Miller, D.  and Alem√°n, B.},
  title = {Spatially resolved optical excitation of mechanical modes in graphene NEMS},
  journal = {Applied Physics Letters}
}


@article{P.G.Steeneken,
  doi = {10.1088/2053-1583/ac152c},
  url = {https://iopscience.iop.org/article/10.1088/2053-1583/ac152c},
  year = {2021},
  month = august,
  publisher = {IOPscience},
  volume = {8},
number = {4},
  author = {Steeneken,P.G. and Dolleman,R.J. and Davidovikj,D.  and Alijani,F. and van der Zant,H.S.J.},
  title = {Dynamics of 2D material membranes},
  journal = {2D Materials}
}


@article{R.R.NairFSC,
  doi = {10.1126/science.1156965},
  url = {https://www.science.org/doi/10.1126/science.1156965},
  year = {2008},
  month = jun,
  publisher = {American Association for the Advancement of Science {AAAS}},
  volume = {320},
  number = {5881},
  pages = {1308},
  author = {Nair, R. R. and Blake, P. and Grigorenko, A. N. and Novoselov, K. S. and Booth, T. J. and Stauber, T. and Peres, N. M. and Geim, A. K.},
  title = {Fine Structure Constant Defines Visual Transparency of Graphene},
  journal = {Science}
}

@article{NulliAPL18,
	author = {Nulli,Sylvain A.  and Ukhtary,M. Shoufie  and Saito,Riichiro},
	title = {Significant enhancement of light absorption in undoped graphene using dielectric multilayer system},
	journal = {Appl. Phys. Lett.},
	volume = {112},
	number = {7},
	pages = {073101},
	year = {2018},
	doi = {10.1063/1.5012604},
	URL = {  https://doi.org/10.1063/1.5012604},
}

@article{ThayVy,
  doi = {10.1016/j.optcom.2022.128478},
  url = {https://www.sciencedirect.com/science/article/abs/pii/S0030401822003285},
  year = {2022},
  month = october,
  publisher = {Elsevier},
  volume = {520},
  author = {Le Tri Dat and Sang H.Luong and Vinh N.T.Pham  and Nguyen Duy Vy and Takuya Iida},
  title = {Radiation pressure on a graphene layer inserted inside an optical microcavity},
  journal = {Optics Communications}
}

@article{ZhanTMM,
  doi = {10.1088/0953-8984/25/21/215301},
  url = {https://iopscience.iop.org/article/10.1088/0953-8984/25/21/215301/pdf},
  year = {2013},
  month = april,
  publisher = {IOP Publishing Ltd},
  volume = {25},
  number = {21},
  author = {Zhan, Tianrong and Shi, Xi and Dai, Yunyun and Liu, Xiaohan and Zi, Jian},
  title = {Transfer matrix method for optics in graphene layers},
  journal = {Journal of Physics: Condensed Matter}
}
